<?xml version="1.0" encoding="UTF-8"?><collection xmlns="http://www.loc.gov/MARC21/slim"><record><leader>00411nam--2200157-i-4500</leader><controlfield tag="001">000015059</controlfield><controlfield tag="002">20161230</controlfield><controlfield tag="005">20170114221748</controlfield><controlfield tag="008">060222s1000------------r-----000-0-eng-d</controlfield><datafield ind1=" " ind2=" " tag="080"><subfield code="a">51(083.3)</subfield></datafield><datafield ind1=" " ind2=" " tag="245"><subfield code="a">Crc standard mathematical tables. Thirteenth</subfield></datafield><datafield ind1=" " ind2=" " tag="260"><subfield code="a">Cleveland</subfield><subfield code="b">The Chemical Rubber Co</subfield><subfield code="c">1964</subfield></datafield><datafield ind1=" " ind2=" " tag="300"><subfield code="a">IX + 561 p</subfield></datafield><datafield ind1=" " ind2=" " tag="700"><subfield code="a">Weast, Robert C</subfield></datafield><datafield ind1=" " ind2=" " tag="852"><subfield code="a">77163</subfield></datafield><datafield ind1=" " ind2=" " tag="CAT"><subfield code="a">SYS</subfield><subfield code="c">20170114</subfield><subfield code="h">221748</subfield></datafield></record></collection>